<?xml version="1.0" encoding="UTF-8"?><record xmlns="http://www.loc.gov/MARC21/slim" xmlns:cinclude="http://apache.org/cocoon/include/1.0" xmlns:zs="http://www.loc.gov/zing/srw/">
  <leader>00528cz  a2200145n  4500</leader>
  <controlfield tag="001">n  86045214 </controlfield>
  <controlfield tag="003">DLC</controlfield>
  <controlfield tag="005">19900307054413.3</controlfield>
  <controlfield tag="008">870421n| acannaab|          |a aaa |||  </controlfield>
  <datafield tag="010" ind1=" " ind2=" ">
    <subfield code="a">n  86045214 </subfield>
  </datafield>
  <datafield tag="040" ind1=" " ind2=" ">
    <subfield code="a">DLC</subfield>
    <subfield code="c">DLC</subfield>
    <subfield code="d">InU</subfield>
  </datafield>
  <datafield tag="100" ind1="1" ind2="0">
    <subfield code="a">Kinkulʹkin, A. T.</subfield>
  </datafield>
  <datafield tag="400" ind1="1" ind2="0">
    <subfield code="a">Kinkulʹkin, Alʹbert Timofeevich</subfield>
  </datafield>
  <datafield tag="670" ind1=" " ind2=" ">
    <subfield code="a">Izuchenie v sredneĭ shkole materialov XXVI sʺezda KPSS, 1981:</subfield>
    <subfield code="b">t.p. (A. T. Kinkulʹkina)</subfield>
  </datafield>
  <datafield tag="670" ind1=" " ind2=" ">
    <subfield code="a">Izuchenie v sredneĭ shkole materialov XXVII sʺezda KPSS, 1987:</subfield>
    <subfield code="b">colophon (Alʹbert Timofeevich Kinkulʹkin)</subfield>
  </datafield>
</record>